<collection xmlns="http://www.loc.gov/MARC21/slim"><record><leader>00741nam  2200217   450</leader><controlfield tag="001">381</controlfield><controlfield tag="003">http://montalegre.opacnet.com/OPAC/default.aspx?ContentAreaControl=ShowRegHoldings.ascx&amp;RegNo=16662</controlfield><datafield tag="095" ind1=" " ind2=" "><subfield code="a">PTBN00028022</subfield></datafield><datafield tag="100" ind1=" " ind2=" "><subfield code="a">20061013d1983    m  y0pora010305  ba</subfield></datafield><datafield tag="101" ind1="1" ind2=" "><subfield code="a">por</subfield><subfield code="c">ger</subfield></datafield><datafield tag="102" ind1=" " ind2=" "><subfield code="a">PT</subfield></datafield><datafield tag="200" ind1="1" ind2=" "><subfield code="a">Werther</subfield><subfield code="f">Goethe</subfield><subfield code="g">trad. João Teodoro Monteiro</subfield></datafield><datafield tag="205" ind1=" " ind2=" "><subfield code="a">13ª ed</subfield><subfield code="b">rev. do alemão</subfield><subfield code="f">porM. José Guimarães</subfield></datafield><datafield tag="210" ind1=" " ind2=" "><subfield code="a">Lisboa</subfield><subfield code="c">Guimarães Editores</subfield><subfield code="d">imp. 1984</subfield></datafield><datafield tag="215" ind1=" " ind2=" "><subfield code="a">163 p.</subfield><subfield code="d">19 cm</subfield></datafield><datafield tag="225" ind1="2" ind2=" "><subfield code="a">&lt;Os &gt;livros imortais</subfield></datafield><datafield tag="675" ind1=" " ind2=" "><subfield code="a">821</subfield></datafield><datafield tag="700" ind1=" " ind2="0"><subfield code="a">Goethe</subfield><subfield code="b">Johann Wolfgang von</subfield><subfield code="f">1749-1832</subfield></datafield><datafield tag="702" ind1=" " ind2="1"><subfield code="a">Monteiro</subfield><subfield code="b">João Teodoro</subfield><subfield code="f">1857-1945</subfield><subfield code="4">730</subfield></datafield><datafield tag="801" ind1=" " ind2="0"><subfield code="a">PT</subfield><subfield code="b">Biblioteca Municipal de Montalegre</subfield><subfield code="g">RPC</subfield></datafield><datafield tag="856" ind1=" " ind2=" "><subfield code="u">locateMedia.asp?cod=20060515152213&amp;ext=jpg</subfield><subfield code="z">CAPA</subfield></datafield><datafield tag="909" ind1="&#9;" ind2=" "><subfield code="a">1</subfield></datafield><datafield tag="966" ind1=" " ind2=" "><subfield code="a">0009354</subfield><subfield code="l">BMM</subfield><subfield code="s">SCG 821 GOE wer</subfield></datafield></record></collection>